@misc{tiroir,
  AUTHOR  = {Wikipedia},
  TITLE   = {Principe des Tiroirs},
  YEAR    = {2016},
  URL     = "https://fr.wikipedia.org/wiki/Principe_des_tiroirs",
  URLDATE = {2016-03-21}
}

@online{PW1,
  AUTHOR  = {Charles Arthur},
  TITLE   = {Google Chrome Security Flaw Offers Unrestricted Password Access},
  YEAR    = 2013,
  URL     = {http://www.theguardian.com/technology/2013/aug/07/google-chrome-password-security-flaw},
  URLDATE = {2016-03-20}
}

@online{PW2,
  AUTHOR  = {Thomas Fox-Brewster},
  TITLE   = {13 Million Passwords Appear To Have Leaked From This Free Web Host},
  YEAR    = 2015,
  URL     = {http://www.forbes.com/sites/thomasbrewster/2015/10/28/000webhost-database-leak},
  URLDATE = {2016-03-21}
}

@techreport{rfc1321,
  AUTHOR       = {Ronald Rivest},
  TITLE        = {The MD5 Message-Digest Algorithm},
  YEAR         = {1992},
  URL          = {https://www.ietf.org/rfc/rfc1321.txt},
  HOWPUBLISHED = {Internet Requests for Comments},
  TYPE         = {RFC},
  NUMBER       = 1321,
  MONTH        = {4}
}

@techreport{md5flaw,
  AUTHOR  = {Xiaoyun Wang{,} Hongbo Yu},
  TITLE   = {How to Break MD5 and Other Hash Functions},
  YEAR    = {2005},
  URL     = {http://merlot.usc.edu/csac-f06/papers/Wang05a.pdf},
  TYPE    = {Recherche}
}
