@misc{problem,
    author = "Anne Blouin",
    title  = "Pré-test synthèse",
    year   = "2015",
    note   = "Cours de physique NYC",
}
