@book{problem,
    author = "Raymond A. Serway and John W. Jewett, Jr.",
    title  = "Physique Tome 3: Ondes, optique et physique moderne",
    publisher = "Groupe Modulo",
    year   = "2014",
}
