@unpublished{IMSR,
  title  = {IMSR: Terrestrial Energy's Integral Molten Salt Reactor},
  author = {David Leblanc},
  year   = {2015},
  note   = {Thorium Energy Alliance Conference 7},
  URL    = {https://www.youtube.com/watch?v=deSRpSn8Pyk},
}

@unpublished{military,
  title  = {Can Nuclear Energy Fill Critical Gaps In The Military Energy Portfolio?},
  author = {Paul Roege},
  year   = {2011},
  note   = {Thorium Energy Alliance Conference 3},
  URL    = {https://www.youtube.com/watch?v=a1Bk_07gaSs},
}