@book{problem,
    author = "Harris Benson",
    title  = "Physique 1: Mécanique",
    publisher = "Éditions du Renouveau Pédagogique Inc.",
    year   = "2009",
}
